@inproceedings{vartholomeos2024lumped,
  title={Lumped Parameter Dynamic Model of an Eversion Growing Robot: Analysis, Simulation and Experimental Validation},
  author={Vartholomeos, Panagiotis and Wu, Zicong and Sadati, Hadi and Bergeles, Christos},
  booktitle={IEEE International Conference on Robotics and Automation (ICRA)},
  year={2024}
}

@article{hawkes2017soft,
  title={A soft robot that navigates its environment through growth},
  author={Hawkes, Elliot W and Blumenschein, Laura H and Greer, Joseph D and Okamura, Allison M},
  journal={Science Robotics},
  volume={2},
  number={8},
  pages={eaan3028},
  year={2017},
  publisher={American Association for the Advancement of Science}
}

@inproceedings{blumenschein2017modeling,
  title={Modeling of bioinspired apical extension in a soft robot},
  author={Blumenschein, Laura H and Okamura, Allison M and Hawkes, Elliot W},
  booktitle={Conference on Biomimetic and Biohybrid Systems},
  pages={522--531},
  year={2017},
  organization={Springer}
}
